<?xml version = "1.0" encoding = "UTF-8"?><OAI-PMH xmlns="http://www.openarchives.org/OAI/2.0/" xmlns:xsi="http://www.w3.org/2001/XMLSchema-instance" xsi:schemaLocation="http://www.openarchives.org/OAI/2.0/ http://www.openarchives.org/OAI/2.0/OAI-PMH.xsd"><ListRecords><record><header><identifier>aleph-publish:017851973</identifier></header><metadata><record xmlns="http://www.ddb.de/professionell/mabxml/mabxml-1.xsd"><leader>00000nM2.01200024------h</leader><controlfield tag="LDR">00000nM2.01200024------h</controlfield><controlfield tag="FMT">MH</controlfield><datafield tag="001" ind1="-" ind2="1"><subfield code="a">TT050383639</subfield></datafield><datafield tag="002" ind1="a" ind2="1"><subfield code="a">20100211</subfield></datafield><datafield tag="003" ind1="-" ind2="1"><subfield code="a">20120309</subfield></datafield><datafield tag="004" ind1="-" ind2="1"><subfield code="a">20091008</subfield></datafield><datafield tag="020" ind1="-" ind2="1"><subfield code="a">978-3-642-02362-0</subfield><subfield code="b">Springer</subfield></datafield><datafield tag="026" ind1="-" ind2="1"><subfield code="a">HBZTT050383639</subfield></datafield><controlfield tag="030">a|1uc||||||37</controlfield><datafield tag="037" ind1="b" ind2="1"><subfield code="a">ger</subfield></datafield><controlfield tag="050">||||||||g|||||</controlfield><controlfield tag="051">m|||||||</controlfield><datafield tag="070" ind1="-" ind2="1"><subfield code="a">Springer</subfield></datafield><datafield tag="070" ind1="a" ind2="1"><subfield code="a">Springer</subfield></datafield><datafield tag="070" ind1="b" ind2="1"><subfield code="a">82</subfield></datafield><datafield tag="078" ind1="e" ind2="1"><subfield code="a">ZDB-2-SNA</subfield><subfield code="a">Springer</subfield></datafield><datafield tag="080" ind1="-" ind2="1"><subfield code="a">60</subfield></datafield><datafield tag="086" ind1="-" ind2="1"><subfield code="d">978-3-642-02361-3</subfield></datafield><datafield tag="100" ind1="-" ind2="1"><subfield code="a">Scriba, Christoph J.</subfield></datafield><datafield tag="104" ind1="b" ind2="1"><subfield code="a">Schreiber, Peter</subfield></datafield><datafield tag="331" ind1="-" ind2="1"><subfield code="a">5000 Jahre Geometrie</subfield></datafield><datafield tag="334" ind1="-" ind2="1"><subfield code="a">Elektronische Ressource</subfield></datafield><datafield tag="335" ind1="-" ind2="1"><subfield code="a">Geschichte, Kulturen, Menschen</subfield></datafield><datafield tag="359" ind1="-" ind2="1"><subfield code="a">von Christoph J. Scriba, Peter Schreiber</subfield></datafield><datafield tag="410" ind1="-" ind2="1"><subfield code="a">Berlin, Heidelberg</subfield></datafield><datafield tag="412" ind1="-" ind2="1"><subfield code="a">Springer-Verlag Berlin Heidelberg</subfield></datafield><datafield tag="425" ind1="a" ind2="1"><subfield code="a">2010</subfield></datafield><datafield tag="451" ind1="-" ind2="1"><subfield code="a">Vom Zählstein zum Computer</subfield></datafield><datafield tag="540" ind1="a" ind2="1"><subfield code="a">978-3-642-02362-0</subfield></datafield><datafield tag="552" ind1="a" ind2="1"><subfield code="a">10.1007/978-3-642-02362-0</subfield></datafield><datafield tag="652" ind1="a" ind2="1"><subfield code="a">Online-Ressource</subfield></datafield><datafield tag="655" ind1="e" ind2="1"><subfield code="u">http://dx.doi.org/10.1007/978-3-642-02362-0</subfield><subfield code="x">Resolving-System</subfield></datafield><datafield tag="700" ind1="g" ind2="1"><subfield code="a">SG 590</subfield></datafield><datafield tag="740" ind1="s" ind2="1"><subfield code="a">Geometry</subfield></datafield><datafield tag="740" ind1="s" ind2="1"><subfield code="a">Mathematics</subfield></datafield><datafield tag="902" ind1="-" ind2="1"><subfield code="s">Geometrie</subfield><subfield code="9">(DE-588)4020236-7</subfield></datafield><datafield tag="902" ind1="-" ind2="1"><subfield code="z">Geschichte</subfield></datafield><controlfield tag="SYS">017851973</controlfield><datafield tag="LOW" ind1="-" ind2="1"><subfield code="a">A0001</subfield></datafield><datafield tag="LOW" ind1="-" ind2="1"><subfield code="a">B0001</subfield></datafield><datafield tag="LOW" ind1="-" ind2="1"><subfield code="a">C0001</subfield></datafield><datafield tag="LOW" ind1="-" ind2="1"><subfield code="a">C5001</subfield></datafield><datafield tag="LOW" ind1="-" ind2="1"><subfield code="a">F5001</subfield></datafield><datafield tag="LOW" ind1="-" ind2="1"><subfield code="a">F5002</subfield></datafield><datafield tag="LOW" ind1="-" ind2="1"><subfield code="a">F5010</subfield></datafield><datafield tag="LOW" ind1="-" ind2="1"><subfield code="a">F5011</subfield></datafield><datafield tag="LOW" ind1="-" ind2="1"><subfield code="a">G5001</subfield></datafield><datafield tag="LOW" ind1="-" ind2="1"><subfield code="a">J5001</subfield></datafield><datafield tag="LOW" ind1="-" ind2="1"><subfield code="a">K0001</subfield></datafield><datafield tag="LOW" ind1="-" ind2="1"><subfield code="a">K5001</subfield></datafield><datafield tag="LOW" ind1="-" ind2="1"><subfield code="a">L5001</subfield></datafield><datafield tag="LOW" ind1="-" ind2="1"><subfield code="a">M0001</subfield></datafield><datafield tag="LOW" ind1="-" ind2="1"><subfield code="a">M5001</subfield></datafield><datafield tag="LOW" ind1="-" ind2="1"><subfield code="a">N5001</subfield></datafield><datafield tag="LOW" ind1="-" ind2="1"><subfield code="a">Q0003</subfield></datafield><datafield tag="LOW" ind1="-" ind2="1"><subfield code="a">U0001</subfield></datafield><datafield tag="LAL" ind1="-" ind2="1"><subfield code="a">DUE</subfield><subfield code="b">X0001</subfield></datafield><datafield tag="LAL" ind1="-" ind2="1"><subfield code="a">EDU</subfield><subfield code="b">D0001</subfield><subfield code="b">E0001</subfield></datafield><datafield tag="LAL" ind1="-" ind2="1"><subfield code="a">FUH</subfield><subfield code="b">I5001</subfield></datafield><datafield tag="LAL" ind1="-" ind2="1"><subfield code="a">KLU</subfield><subfield code="b">R3001</subfield></datafield><datafield tag="LAL" ind1="-" ind2="1"><subfield code="a">KOL</subfield><subfield code="b">RL001</subfield><subfield code="b">RL002</subfield></datafield><datafield tag="LAL" ind1="-" ind2="1"><subfield code="a">PAD</subfield><subfield code="b">P0001</subfield></datafield><datafield tag="LAL" ind1="-" ind2="1"><subfield code="a">SIE</subfield><subfield code="b">S0001</subfield></datafield><datafield tag="LAL" ind1="-" ind2="1"><subfield code="a">WUP</subfield><subfield code="b">W0001</subfield></datafield><datafield tag="088" ind1=" " ind2=" "><subfield code="a">466</subfield></datafield><datafield tag="088" ind1=" " ind2=" "><subfield code="a">467</subfield></datafield><datafield tag="088" ind1=" " ind2=" "><subfield code="a">468</subfield></datafield><datafield tag="088" ind1=" " ind2=" "><subfield code="a">5 N</subfield></datafield><datafield tag="088" ind1=" " ind2=" "><subfield code="a">6</subfield></datafield><datafield tag="088" ind1=" " ind2=" "><subfield code="a">743</subfield></datafield><datafield tag="088" ind1=" " ind2=" "><subfield code="a">82</subfield></datafield><datafield tag="088" ind1=" " ind2=" "><subfield code="a">829</subfield></datafield><datafield tag="088" ind1=" " ind2=" "><subfield code="a">832</subfield></datafield><datafield tag="088" ind1=" " ind2=" "><subfield code="a">836</subfield></datafield><datafield tag="088" ind1=" " ind2=" "><subfield code="a">Bi 10</subfield></datafield><datafield tag="088" ind1=" " ind2=" "><subfield code="a">Kob 7</subfield></datafield><datafield tag="088" ind1=" " ind2=" "><subfield code="a">Lan 1</subfield></datafield><datafield tag="088" ind1=" " ind2=" "><subfield code="a">1010</subfield></datafield><datafield tag="088" ind1=" " ind2=" "><subfield code="a">1044</subfield></datafield><datafield tag="088" ind1=" " ind2=" "><subfield code="a">1383</subfield></datafield><datafield tag="088" ind1=" " ind2=" "><subfield code="a">1383a</subfield></datafield><datafield tag="088" ind1=" " ind2=" "><subfield code="a">294</subfield></datafield><datafield tag="088" ind1=" " ind2=" "><subfield code="a">361</subfield></datafield><datafield tag="088" ind1=" " ind2=" "><subfield code="a">38</subfield></datafield><datafield tag="088" ind1=" " ind2=" "><subfield code="a">464</subfield></datafield><datafield tag="088" ind1=" " ind2=" "><subfield code="a">465</subfield></datafield><datafield tag="088" ind1=" " ind2=" "><subfield code="a">1393</subfield></datafield><datafield tag="088" ind1=" " ind2=" "><subfield code="a">290</subfield></datafield><datafield tag="088" ind1=" " ind2=" "><subfield code="a">Hag 4/E</subfield></datafield><datafield tag="088" ind1=" " ind2=" "><subfield code="a">386</subfield></datafield><datafield tag="088" ind1=" " ind2=" "><subfield code="a">1393/BOT</subfield></datafield><datafield tag="088" ind1=" " ind2=" "><subfield code="a">61</subfield></datafield><datafield tag="EB1" ind1=" " ind2="9"><subfield code="a">eb1</subfield><subfield code="2">P0001</subfield></datafield><datafield tag="EB1" ind1=" " ind2="9"><subfield code="a">eb1</subfield><subfield code="2">S0001</subfield></datafield><datafield tag="EB1" ind1=" " ind2="9"><subfield code="a">eb1</subfield><subfield code="2">W0001</subfield></datafield><datafield tag="EB1" ind1=" " ind2="9"><subfield code="a">eb1</subfield><subfield code="2">Q0003</subfield></datafield><datafield tag="EB1" ind1=" " ind2="9"><subfield code="a">eb1</subfield><subfield code="2">M0001</subfield></datafield><datafield tag="EB1" ind1=" " ind2="9"><subfield code="a">eb1</subfield><subfield code="2">L5001</subfield></datafield><datafield tag="EB1" ind1=" " ind2="9"><subfield code="a">eb1</subfield><subfield code="2">A0001</subfield></datafield><datafield tag="EB1" ind1=" " ind2="9"><subfield code="a">eb1</subfield><subfield code="2">N5001</subfield></datafield><datafield tag="EB1" ind1=" " ind2="9"><subfield code="a">eb1</subfield><subfield code="2">K5001</subfield></datafield><datafield tag="EB1" ind1=" " ind2="9"><subfield code="a">eb1</subfield><subfield code="2">M5001</subfield></datafield><datafield tag="EB1" ind1=" " ind2="9"><subfield code="a">eb1</subfield><subfield code="2">C5001</subfield></datafield><datafield tag="EB1" ind1=" " ind2="9"><subfield code="a">eb1</subfield><subfield code="2">RL001</subfield></datafield><datafield tag="EB1" ind1=" " ind2="9"><subfield code="a">eb1</subfield><subfield code="2">RL002</subfield></datafield><datafield tag="EB1" ind1=" " ind2="9"><subfield code="a">eb1</subfield><subfield code="2">G5001</subfield></datafield><datafield tag="EB1" ind1=" " ind2="9"><subfield code="a">eb1</subfield><subfield code="2">J5001</subfield></datafield><datafield tag="EB1" ind1=" " ind2="9"><subfield code="a">eb1</subfield><subfield code="2">F5001</subfield></datafield><datafield tag="EB1" ind1=" " ind2="9"><subfield code="a">eb1</subfield><subfield code="2">F5002</subfield></datafield><datafield tag="EB1" ind1=" " ind2="9"><subfield code="a">eb1</subfield><subfield code="2">B0001</subfield></datafield><datafield tag="EB1" ind1=" " ind2="9"><subfield code="a">eb1</subfield><subfield code="2">C0001</subfield></datafield><datafield tag="EB1" ind1=" " ind2="9"><subfield code="a">eb1</subfield><subfield code="2">K0001</subfield></datafield><datafield tag="EB1" ind1=" " ind2="9"><subfield code="a">eb1</subfield><subfield code="2">D0001</subfield></datafield><datafield tag="EB1" ind1=" " ind2="9"><subfield code="a">eb1</subfield><subfield code="2">E0001</subfield></datafield><datafield tag="EB1" ind1=" " ind2="9"><subfield code="a">eb1</subfield><subfield code="2">F5010</subfield></datafield><datafield tag="EB1" ind1=" " ind2="9"><subfield code="a">eb1</subfield><subfield code="2">U0001</subfield></datafield><datafield tag="EB1" ind1=" " ind2="9"><subfield code="a">eb1</subfield><subfield code="2">I500E</subfield></datafield><datafield tag="EB1" ind1=" " ind2="9"><subfield code="a">eb1</subfield><subfield code="2">R3001</subfield></datafield><datafield tag="EB1" ind1=" " ind2="9"><subfield code="a">eb1</subfield><subfield code="2">F5011</subfield></datafield><datafield tag="EB1" ind1=" " ind2="9"><subfield code="a">eb1</subfield><subfield code="2">X0001</subfield></datafield></record></metadata></record></ListRecords></OAI-PMH>